<?xml version="1.0" encoding="UTF-8"?><collection xmlns="http://www.loc.gov/MARC21/slim"><record><leader>00375nam--2200121-i-4500</leader><controlfield tag="001">000043367</controlfield><controlfield tag="002">20161230</controlfield><controlfield tag="005">20161230201044</controlfield><controlfield tag="008">060222s1000------------r-----000-0-eng-d</controlfield><datafield ind1=" " ind2=" " tag="245"><subfield code="a">Symposium on the structure of low-medum mass nuclei, march 5-6, 1964. held at the univ.of kansas</subfield></datafield><datafield ind1=" " ind2=" " tag="260"><subfield code="a">Lawrence, The Univ.Of Kansas, 1964. 218 P</subfield></datafield><datafield ind1=" " ind2=" " tag="700"><subfield code="a">L.W.Seagondollar</subfield></datafield><datafield ind1=" " ind2=" " tag="852"><subfield code="a">20627</subfield></datafield></record></collection>